<record><leader>00000cas a22000007a 4500</leader><controlfield tag="001">18723619</controlfield><controlfield tag="008">881108d19651968nyuwr ne      0    0eng d</controlfield><datafield ind1=" " ind2=" " tag="010"><subfield code="a">sn 88074869 </subfield></datafield><datafield ind1=" " ind2=" " tag="040"><subfield code="a">NYS</subfield><subfield code="b">eng</subfield><subfield code="c">NYS</subfield><subfield code="d">OCLCQ</subfield></datafield><datafield ind1=" " ind2=" " tag="042"><subfield code="a">msc</subfield></datafield><datafield ind1="0" ind2=" " tag="130"><subfield code="a">Sir Bill patriot (Johnstown, N.Y. : 1965)</subfield></datafield><datafield ind1="1" ind2="0" tag="245"><subfield code="a">Sir Bill patriot.</subfield></datafield><datafield ind1=" " ind2=" " tag="260"><subfield code="a">Johnstown, N.Y. :</subfield><subfield code="b">C.H. Grose</subfield></datafield><datafield ind1=" " ind2=" " tag="300"><subfield code="a">v.</subfield></datafield><datafield ind1=" " ind2=" " tag="310"><subfield code="a">Weekly</subfield></datafield><datafield ind1="0" ind2=" " tag="362"><subfield code="a">Vol. 4, no. 12 (Nov. 18, 1965)-v.6, no. 33 (Apr. 11, 1968).</subfield></datafield><datafield ind1=" " ind2="4" tag="651"><subfield code="a">Johnstown (N.Y.)</subfield><subfield code="v">Newspapers.</subfield></datafield><datafield ind1=" " ind2=" " tag="752"><subfield code="a">United States</subfield><subfield code="b">New York</subfield><subfield code="c">Fulton</subfield><subfield code="d">Johnstown.</subfield></datafield><datafield ind1="0" ind2="0" tag="780"><subfield code="t">Patriot (Johnstown, N.Y. : 1964)</subfield><subfield code="w">(DLC)sn 88074776</subfield></datafield><datafield ind1="0" ind2="0" tag="785"><subfield code="t">Johnstown patriot</subfield><subfield code="w">(DLC)sn 88074433</subfield></datafield><datafield ind1="1" ind2=" " tag="029"><subfield code="a">AU@</subfield><subfield code="b">000020668679</subfield></datafield></record>